@book{Ambler:TOP:3ed,
	Author = {Ambler, Scott W.},
	Title = {The Object Primer: Agile Model-Driven Development with UML 2.0},
	Publisher = {Cambridge University Press},
	Year = {2004},
	Edition = {3rd},
	ISBN = {978-0-521-54018-6},
	Address = {New York},
	Url = {www.cambridge.org/9780521540186},
	}

@misc{dia:tool,
	Keywords = {ferramenta, diagramas},
	Author = {Alexander Larsson},
	Title = {Dia - Diagram Tool},
	OPThowpublished = {\url{http://live.gnome.org/Dia}},
	Note = {\url{http://live.gnome.org/Dia}, acessada em 13 ago 2018},
	Year = 2012,
}

@misc{wiki:uml,
	Author = {Wikipedia},
	Howpublished = {Wikipedia},
	Keywords = {uml},
	Title = {Unified Modeling Language},
	Url = {https://en.wikipedia.org/wiki/Unified_Modeling_Language},
	Urlaccessdate = {23 ago 2018},
	Year = {2018},
	Note = {Acessado em 23/08/2018},
	}

@book{uml:destilado,
	Author = {M. Fowler},
	Title = {UML Distilled},
	Edition = {3rd},
	Address = {Reading, MA},
	Publisher = {Addison Wesley Longman},
	Year = {2004},
	}
	
@book{refact,
	Author = {Martin Fowler, Kent Beck, John Brant, William Opdyke and Don Roberts},
	Title = {Refactoring: Improving the Design of Existing Code},
	Edition = {3rd},
	Address = {Reading, MA},
	Publisher = {Addison-Wesley Professional},
	Year = {2003},
	}

@book{uml:j2ee,
    Author = {Khawar Zaman Ahmed and Cary E. Umrysh},
    Title = {Desenvolvendo Aplica\,{c}\~{o}es Comerciais em Java com J2EE e UML},
    Address = {Rio de Janeiro},
    Publisher = {Editora CiÃªncia Moderna Ltda.},
    Year = {2002},
    ISBN = {85-7393-240-6},
}

@book{just:java2,
	Author = {Peter van der Linden},
	Title = {Just Java 2},
	Address = {Santa Clara, California},
	Year = {2008},
	Publisher = {Prentice-Hall},
	ISBN = {0-13-148211-4},
	Edition = {6th},
	}

@book{uml:schaum,
	Author = {Simon Bennet, John Skelton and Ken Lunn},
	Title = {UML},
	Publisher = {Schaum's Outline Series, McGRAW-HILL},
	Address = {Vincenza},
	Year = {2001},
	}